@article{metropolis1949,
  title={The {M}onte {C}arlo method},
  author={Metropolis, Nicholas and Ulam, Stanislaw},
  journal={Journal of the American Statistical Association},
  volume={44},
  number={247},
  pages={335--341},
  year={1949},
  publisher={Taylor \& Francis}
}

@article{hastings1970,
  title={Monte {C}arlo sampling methods using {M}arkov chains and their applications},
  author={Hastings, W Keith},
  year={1970},
journal={Biometrika},
volume={57},
number={1},
pages={97-109},
publisher={Oxford University Press}
}

@misc{nfhs5,
	title = {{National Family Health Survey (NFHS-5)}},
	author = {{International Institute for Population Sciences (IIPS) and ICF}},
	year = {2020},
	howpublished = {\url{https://dhsprogram.com/publications/publication-fr347-dhs-final-reports.cfm}},
	note = {Accessed: [date accessed]}
}

